<record><leader>00000cas a2200000 a 4500</leader><controlfield tag="001">890468423</controlfield><controlfield tag="008">140912c19999999fluwr ne      0    0eng c</controlfield><datafield ind1=" " ind2=" " tag="010"><subfield code="a">  2014227003</subfield></datafield><datafield ind1=" " ind2=" " tag="040"><subfield code="a">FUG</subfield><subfield code="b">eng</subfield><subfield code="c">FUG</subfield><subfield code="d">OCLCO</subfield><subfield code="d">OCLCQ</subfield></datafield><datafield ind1=" " ind2=" " tag="043"><subfield code="a">n-us-fl</subfield></datafield><datafield ind1="0" ind2=" " tag="130"><subfield code="a">Islander (Anna Maria, Fla. : 1999)</subfield></datafield><datafield ind1="1" ind2="4" tag="245"><subfield code="a">The islander.</subfield></datafield><datafield ind1="1" ind2="3" tag="246"><subfield code="a">Anna Maria Islander</subfield></datafield><datafield ind1=" " ind2="1" tag="264"><subfield code="a">Holmes Beach, Fla. :</subfield><subfield code="b">Islander,</subfield><subfield code="c">1999-</subfield></datafield><datafield ind1=" " ind2=" " tag="310"><subfield code="a">Weekly</subfield></datafield><datafield ind1=" " ind2=" " tag="336"><subfield code="a">text</subfield><subfield code="b">txt</subfield><subfield code="2">rdacontent</subfield></datafield><datafield ind1=" " ind2=" " tag="337"><subfield code="a">unmediated</subfield><subfield code="b">n</subfield><subfield code="2">rdamedia</subfield></datafield><datafield ind1="1" ind2=" " tag="362"><subfield code="a">Began with: Vol. 7, no. 50 (Nov. 3, 1999).</subfield></datafield><datafield ind1=" " ind2=" " tag="530"><subfield code="a">Also archived online by the University of Florida Digital Collections, Florida Digital Newspaper Library:</subfield><subfield code="u">http://ufdc.ufl.edu/l/UF00074389</subfield></datafield><datafield ind1=" " ind2=" " tag="588"><subfield code="a">This bibliographic record is available under the Creative Commons CC0 "No Rights Reserved" license. The University of Florida Libraries, as creator of this bibliographic record, has waived all rights to it worldwide under copyright law, including all related and neighboring rights, to the extent allowed by law.</subfield></datafield><datafield ind1="0" ind2=" " tag="588"><subfield code="a">Vol. 7, no. 50 (Nov. 3, 1999); title from masthead.</subfield></datafield><datafield ind1="1" ind2=" " tag="588"><subfield code="a">Vol. 22, no. 39 (July 30, 2014).</subfield></datafield><datafield ind1=" " ind2="0" tag="651"><subfield code="a">Anna Maria (Fla.)</subfield><subfield code="v">Newspapers.</subfield></datafield><datafield ind1=" " ind2="0" tag="651"><subfield code="a">Manatee County (Fla.)</subfield><subfield code="v">Newspapers.</subfield></datafield><datafield ind1=" " ind2="7" tag="651"><subfield code="a">Florida</subfield><subfield code="z">Anna Maria.</subfield><subfield code="2">fast</subfield><subfield code="0">(OCoLC)fst01226972</subfield></datafield><datafield ind1=" " ind2="7" tag="651"><subfield code="a">Florida</subfield><subfield code="z">Manatee County.</subfield><subfield code="2">fast</subfield><subfield code="0">(OCoLC)fst01211771</subfield></datafield><datafield ind1=" " ind2="7" tag="655"><subfield code="a">Newspapers.</subfield><subfield code="2">fast</subfield><subfield code="0">(OCoLC)fst01423814</subfield></datafield><datafield ind1=" " ind2=" " tag="752"><subfield code="a">United States</subfield><subfield code="b">Florida</subfield><subfield code="c">Manatee</subfield><subfield code="d">Anna Maria.</subfield></datafield><datafield ind1="0" ind2="0" tag="780"><subfield code="t">Islander/bystander</subfield><subfield code="w">(DLC)  2014227002</subfield><subfield code="w">(OCoLC)882583441</subfield></datafield></record>